<record><leader>00000cas a22000007a 4500</leader><controlfield tag="001">10252280</controlfield><controlfield tag="008">831228d18271839riuwr ne      0    0eng d</controlfield><datafield ind1=" " ind2=" " tag="010"><subfield code="a">sn 83021573 </subfield></datafield><datafield ind1=" " ind2=" " tag="040"><subfield code="a">NPX</subfield><subfield code="b">eng</subfield><subfield code="c">NPX</subfield><subfield code="d">DLC</subfield><subfield code="d">NPA</subfield><subfield code="d">RHN</subfield><subfield code="d">OCL</subfield><subfield code="d">KRTAS</subfield><subfield code="d">OCLCF</subfield><subfield code="d">OCLCO</subfield></datafield><datafield ind1="1" ind2=" " tag="029"><subfield code="a">AU@</subfield><subfield code="b">000020124357</subfield></datafield><datafield ind1=" " ind2=" " tag="042"><subfield code="a">msc</subfield></datafield><datafield ind1=" " ind2=" " tag="043"><subfield code="a">n-us-ri</subfield></datafield><datafield ind1="0" ind2="0" tag="050"><subfield code="a">Newspaper 9662</subfield></datafield><datafield ind1="0" ind2="0" tag="245"><subfield code="a">Pawtucket chronicle, and Rhode-Island and Massachusetts register.</subfield></datafield><datafield ind1="0" ind2="3" tag="246"><subfield code="a">Pawtucket chronicle and Rhode Island and Massachusetts register</subfield></datafield><datafield ind1="1" ind2="0" tag="246"><subfield code="a">Rhode-Island and Massachusetts register</subfield></datafield><datafield ind1="0" ind2="0" tag="246"><subfield code="a">Rhode Island and Massachusetts register</subfield></datafield><datafield ind1=" " ind2=" " tag="260"><subfield code="a">Pawtucket [R.I.] :</subfield><subfield code="b">R. Meacham,</subfield><subfield code="c">1827-1839.</subfield></datafield><datafield ind1=" " ind2=" " tag="300"><subfield code="a">v.</subfield></datafield><datafield ind1=" " ind2=" " tag="310"><subfield code="a">Weekly</subfield></datafield><datafield ind1="0" ind2=" " tag="362"><subfield code="a">Vol. 2, no. 12 (Feb. 10, 1827)-v. 15, no. 16 (Apr. 19, 1839).</subfield></datafield><datafield ind1=" " ind2=" " tag="500"><subfield code="a">"Whig."</subfield></datafield><datafield ind1=" " ind2=" " tag="530"><subfield code="a">Also available on microfilm from Bell &amp; Howell, Micro Photo Div.</subfield></datafield><datafield ind1=" " ind2="0" tag="651"><subfield code="a">Pawtucket (R.I.)</subfield><subfield code="v">Newspapers.</subfield></datafield><datafield ind1=" " ind2="7" tag="655"><subfield code="a">Newspapers.</subfield><subfield code="2">fast</subfield><subfield code="0">(OCoLC)fst01423814</subfield></datafield><datafield ind1=" " ind2="7" tag="651"><subfield code="a">Rhode Island</subfield><subfield code="z">Pawtucket.</subfield><subfield code="2">fast</subfield><subfield code="0">(OCoLC)fst01206163</subfield></datafield><datafield ind1=" " ind2=" " tag="752"><subfield code="a">United States</subfield><subfield code="b">Rhode Island</subfield><subfield code="c">Providence</subfield><subfield code="d">Pawtucket.</subfield></datafield><datafield ind1="0" ind2="0" tag="780"><subfield code="t">Pawtucket chronicle, and manufacturers' and artizans' advocate</subfield><subfield code="w">(DLC)sn 83021572</subfield></datafield><datafield ind1="0" ind2="7" tag="785"><subfield code="t">Pawtucket gazette</subfield><subfield code="w">(DLC)sn 83021576</subfield></datafield><datafield ind1="0" ind2="7" tag="785"><subfield code="t">Gazette and chronicle (Pawtucket, R.I.)</subfield><subfield code="w">(DLC)sn 83021577</subfield></datafield><datafield ind1=" " ind2=" " tag="938"><subfield code="a">Kirtas Technologies, Inc.</subfield><subfield code="b">KRTS</subfield><subfield code="n">737990</subfield></datafield></record>